@inproceedings{thearticle,
  title={Network operation cost model to achieve efficient operation and improving cost competitiveness},
  author={Kwak, Eun-joo and Kim, Gi-eung and Yoo, Jae-hyung},
  booktitle={Advanced Communication Technology (ICACT), 2011 13th International Conference on},
  pages={1107--1112},
  year={2011},
  organization={IEEE}
}

