@inproceedings{thearticle,
  title={Database Forensic Analysis with DBCarver},
  author={Wagner, James and Rasin, Alexander and Malik, Tanu and Heart, Karen and Jehle, Hugo },
  booktitle={8th Biennial Conference on Innovative Data Systems Research(CIDR '17)},
  year={2017},
  organization={CIDR}
}

